<record><leader>00000cas a22000007a 4500</leader><controlfield tag="001">21056185</controlfield><controlfield tag="008">900213d18891897nyuwr ne      0    0eng d</controlfield><datafield ind1=" " ind2=" " tag="010"><subfield code="a">sn 90066008 </subfield></datafield><datafield ind1=" " ind2=" " tag="040"><subfield code="a">NYS</subfield><subfield code="b">eng</subfield><subfield code="c">NYS</subfield><subfield code="d">OCLCQ</subfield></datafield><datafield ind1=" " ind2=" " tag="042"><subfield code="a">msc</subfield></datafield><datafield ind1="0" ind2="0" tag="245"><subfield code="a">Milford tidings.</subfield></datafield><datafield ind1=" " ind2=" " tag="260"><subfield code="a">Milford, Otsego County, N.Y. :</subfield><subfield code="b">D.H. Crowe</subfield></datafield><datafield ind1=" " ind2=" " tag="300"><subfield code="a">v.</subfield></datafield><datafield ind1=" " ind2=" " tag="310"><subfield code="a">Weekly</subfield></datafield><datafield ind1="0" ind2=" " tag="362"><subfield code="a">Vol. 1, no. 1 (Nov. 8, 1889)-v. 8, no. 41 (Aug. 19, 1897).</subfield></datafield><datafield ind1=" " ind2=" " tag="500"><subfield code="a">Publishers: D.H. Crowe, 1889-&lt;1891&gt;; John Wilcox, &lt;1892&gt;-1897.</subfield></datafield><datafield ind1=" " ind2="4" tag="651"><subfield code="a">Milford (N.Y.)</subfield><subfield code="v">Newspapers.</subfield></datafield><datafield ind1=" " ind2=" " tag="752"><subfield code="a">United States</subfield><subfield code="b">New York</subfield><subfield code="c">Otsego</subfield><subfield code="d">Milford.</subfield></datafield><datafield ind1="0" ind2="0" tag="785"><subfield code="a">Otsego tidings</subfield><subfield code="w">(DLC)sn 91066405</subfield></datafield><datafield ind1="1" ind2=" " tag="029"><subfield code="a">AU@</subfield><subfield code="b">000020708749</subfield></datafield></record>